@incollection{korovin2008iprover,
  title={iProver--an instantiation-based theorem prover for first-order logic (system description)},
  author={Korovin, Konstantin},
  booktitle={Automated Reasoning},
  pages={292--298},
  year={2008},
  publisher={Springer}
}

@article{davis1962machine,
  title={A machine program for theorem-proving},
  author={Davis, Martin and Logemann, George and Loveland, Donald},
  journal={Communications of the ACM},
  volume={5},
  number={7},
  pages={394--397},
  year={1962},
  publisher={ACM}
}

@article{lonsing2010depqbf,
  title={DepQBF: A dependency-aware QBF solver},
  author={Lonsing, Florian and Biere, Armin},
  journal={Journal on Satisfiability, Boolean Modeling and Computation},
  volume={7},
  pages={71--76},
  year={2010}
}

@inproceedings{seidl2012qbf2epr,
  title={qbf2epr: A Tool for Generating EPR Formulas from QBF.},
  author={Seidl, Martina and Lonsing, Florian and Biere, Armin},
  booktitle={PAAR@ IJCAR},
  pages={139--148},
  year={2012},
  organization={Citeseer}
}

@inproceedings{cook1971complexity,
  title={The complexity of theorem-proving procedures},
  author={Cook, Stephen A},
  booktitle={Proceedings of the third annual ACM symposium on Theory of computing},
  pages={151--158},
  year={1971},
  organization={ACM}
}

@article{savitch1970relationships,
  title={Relationships between nondeterministic and deterministic tape complexities},
  author={Savitch, Walter J},
  journal={Journal of computer and system sciences},
  volume={4},
  number={2},
  pages={177--192},
  year={1970},
  publisher={Elsevier}
}

@article{lewis1980complexity,
  title={Complexity results for classes of quantificational formulas},
  author={Lewis, Harry R},
  journal={Journal of Computer and System Sciences},
  volume={21},
  number={3},
  pages={317--353},
  year={1980},
  publisher={Elsevier}
}

@article{skolem1967logisch,
  title={Logisch-Kombinatorische Untersuchungen {\"u}ber die Erf{\"u}llbarkeit und Beweisbarkeit Mathematischen S{\"a}tze nebst einem Theoreme {\"u}ber Dichte Mengen, Skrifter I, 4, 1--36, Det Norske Videnskaps-Akademi, 1920},
  author={Skolem, Thoralf},
  journal={Selected Works in Logic},
  pages={103--136},
  year={1967}
}

@article{samer2009backdoor,
  title={Backdoor sets of quantified Boolean formulas},
  author={Samer, Marko and Szeider, Stefan},
  journal={Journal of Automated Reasoning},
  volume={42},
  number={1},
  pages={77--97},
  year={2009},
  publisher={Springer}
}

@misc{ocaml,
  title = {OCaml Homepage},
  howpublished = "\url{https://ocaml.org}",
  year = {2008}, 
  note = "[Accessed \nth{18} April 2016]"
}

@misc{qdimacs,
  title = {QDIMACS Grammar Definition},
  howpublished = "\url{http://www.qbflib.org/qdimacs.html}",
  year = {2005}, 
  note = "[Accessed \nth{18} April 2016]"
}

@misc{qbflib,
  title = {QBFLIB Homepage},
  howpublished = "\url{http://qbflib.org}",
  note = "[Accessed \nth{18} April 2016]"
}

@Article{SS98,
  Author = "Sutcliffe, G.",
  Year = "2009",
  Title = "{The TPTP Problem Library and Associated Infrastructure: 
           The FOF and CNF Parts, v3.5.0}",
  Journal = "Journal of Automated Reasoning",
  Volume = "43",
  Number = "4",
  Pages = "337-362"
}
